@article{zdravkovic2020,
  title={Ground characterisation for PISA pile testing and analysis},
  author={Zdravkovi{\'c}, Lidija and Jardine, Richard J and Taborda, David MG and Abadias, David and Burd, Harvey J and Byrne, Byron W and Gavin, Kenneth G and Houlsby, Guy T and Igoe, David JP and Liu, Tingfa and others},
  journal={G{\'e}otechnique},
  volume={70},
  number={11},
  pages={945--960},
  year={2020},
  publisher={Thomas Telford Ltd}
}


@article{kapteyn2021,
  title={A probabilistic graphical model foundation for enabling predictive digital twins at scale},
  author={Kapteyn, Michael G and Pretorius, Jacob VR and Willcox, Karen E},
  journal={Nature Computational Science},
  volume={1},
  number={5},
  pages={337--347},
  year={2021},
  publisher={Nature Publishing Group US New York}
}

@article{taborda2020,
  title={Finite-element modelling of laterally loaded piles in a dense marine sand at Dunkirk},
  author={Taborda, David MG and Zdravkovi{\'c}, Lidija and Potts, David M and Burd, Harvey J and Byrne, Byron W and Gavin, Kenneth G and Houlsby, Guy T and Jardine, Richard J and Liu, Tingfa and Martin, Christopher M and others},
  journal={G{\'e}otechnique},
  volume={70},
  number={11},
  pages={1014--1029},
  year={2020},
  publisher={Thomas Telford Ltd}
}

@book{tarantola2005,
  title={Inverse problem theory and methods for model parameter estimation},
  author={Tarantola, Albert},
  year={2005},
  publisher={SIAM}
}

@article{wang2021,
  title={Recent progress on reliability analysis of offshore wind turbine support structures considering digital twin solutions},
  author={Wang, Mengmeng and Wang, Chengye and Hnydiuk-Stefan, Anna and Feng, Shizhe and Atilla, Incecik and Li, Zhixiong},
  journal={Ocean Engineering},
  volume={232},
  pages={109168},
  year={2021},
  publisher={Elsevier}
}

@article{vanmarcke1977,
  title={Probabilistic modeling of soil profiles},
  author={Vanmarcke, Erik H},
  journal={Journal of the geotechnical engineering division},
  volume={103},
  number={11},
  pages={1227--1246},
  year={1977},
  publisher={American Society of Civil Engineers}
}


@inproceedings{nie2015,
  title={Scale of fluctuation for geotechnical probabilistic analysis scale of fluctuation for geotechnical probabilistic analysis},
  author={Nie, X and Zhang, T and Huang, H and Liu, Z and Lacasse, S},
  booktitle={Proc. of the 5th International Symposium on Geotechnical Safety and Risk},
  volume={1},
  pages={834--40},
  year={2015}
}
